%bibtex entries

@inproceedings{teaching_webdev_web20,
  author = {Wang, Ye Diana and Zahadat, Nima},
  title = {Teaching web development in the web 2.0 era},
  booktitle = {SIGITE '09: Proceedings of the 10th ACM conference on SIG-information technology education},
  year = {2009},
  isbn = {978-1-60558-765-3},
  pages = {80--86},
  location = {Fairfax, Virginia, USA},
  doi = {http://doi.acm.org/10.1145/1631728.1631753},
  publisher = {ACM},
  address = {New York, NY, USA},
}

@inproceedings{browser_wars,
  author = {Wang, Tongsen and Wu, Lei and Lin, Zhangxi},
  title = {The revival of Mozilla in the browser war against Internet Explorer},
  booktitle = {ICEC '05: Proceedings of the 7th international conference on Electronic commerce},
  year = {2005},
  isbn = {1-59593-112-0},
  pages = {159--166},
  location = {Xi'an, China},
  doi = {http://doi.acm.org/10.1145/1089551.1089583},
  publisher = {ACM},
  address = {New York, NY, USA},
}

@misc{internet_stats,
  title={World Internet Usage Statistics News and World Population Stats},
  author={Miniwatts Marketing Group},
  howpublished={\url{http://www.internetworldstats.com/stats.htm}},
  note={Accessed 15th June 2010}
}

@techreport{browser_application_platform,
  author = {Taivalsaari, Antero and Mikkonen, Tommi and Ingalls, Dan and Palacz, Krzysztof},
  title = {Web browser as an application platform: the lively Kernel experience},
  year = {2008},
  source = {SMLI TR-2008-175},
  publisher = {Sun Microsystems, Inc.},
  address = {Mountain View, CA, USA},
}

@article{trust_semantic_web,
  author = {Artz, Donovan and Gil, Yolanda},
  title = {A survey of trust in computer science and the Semantic Web},
  journal = {Web Semant.},
  volume = {5},
  number = {2},
  year = {2007},
  issn = {1570-8268},
  pages = {58--71},
  doi = {http://dx.doi.org/10.1016/j.websem.2007.03.002},
  publisher = {Elsevier Science Publishers B. V.},
  address = {Amsterdam, The Netherlands, The Netherlands},
}

@misc{oreilly_web20,
  title={What Is Web 2.0: Design Patterns and Business Models for the Next Generation of Software},
  author={Tim O'Reilly},
  howpublished={\url{http://oreilly.com/web2/archive/what-is-web-20.html}},
  day=30,
  month={September},
  year=2005,
  note={Accessed 15th June 2010}
}

@article{rubyonrails_tutorial,
  author = {Viswa Viswanathan},
  title = {Rapid Web Application Development: A Ruby on Rails Tutorial},
  journal ={IEEE Software},
  volume = {25},
  issn = {0740-7459},
  year = {2008},
  pages = {98-106},
  doi = {http://doi.ieeecomputersociety.org/10.1109/MS.2008.156},
  publisher = {IEEE Computer Society},
  address = {Los Alamitos, CA, USA},
}

@article{what_is_web20,
  author = {Lewis, Daniel},
  title = {What is web 2.0?},
  journal = {Crossroads},
  volume = {13},
  number = {1},
  year = {2006},
  issn = {1528-4972},
  pages = {3--3},
  doi = {http://doi.acm.org/10.1145/1217666.1217669},
  publisher = {ACM},
  address = {New York, NY, USA},
}

@book{prioritizing_web_usability,
  author = {Nielsen, Jakob and Loranger, Hoa},
  title = {Prioritizing Web Usability},
  year = {2006},
  isbn = {0321350316},
  publisher = {New Riders Publishing},
  address = {Thousand Oaks, CA, USA},
}

@book{dont_make_me_think,
  author = {Krug, Steve},
  title = {Don't Make Me Think: A Common Sense Approach to the Web (2nd Edition)},
  year = {2005},
  isbn = {0321344758},
  publisher = {New Riders Publishing},
  address = {Thousand Oaks, CA, USA},
}

@book{interaction_design,
  author = {Preece, Jenny and Rogers, Yvonne and Sharp, Helen},
  title = {Beyond Interaction Design: Beyond Human-Computer Interaction},
  year = {2001},
  isbn = {0471402494},
  publisher = {John Wiley \& Sons, Inc.},
  address = {New York, NY, USA},
}

@inproceedings{comparison_agile_frameworks,
  author = {Ignacio Fern\'{a}ndez-Villamor, Jos\'{e} and D\'{\i}az-Casillas, Laura and Iglesias, Carlos \'{A}.},
  title = {A comparison model for agile web frameworks},
  booktitle = {EATIS '08: Proceedings of the 2008 Euro American Conference on Telematics and Information Systems},
  year = {2008},
  isbn = {978-1-59593-988-3},
  pages = {1--8},
  location = {Aracaju, Brazil},
  doi = {http://doi.acm.org/10.1145/1621087.1621101},
  publisher = {ACM},
  address = {New York, NY, USA},
}

@misc{rubyonrails,
  title={Ruby on Rails},
  author={David Heinemeier Hansson},
  howpublished={\url{http://rubyonrails.org/}},
  note={Accessed 15th June 2010}
}

@book{agile_webdevelopment_with_rails,
  author = {Thomas, Dave and Hansson, David and Breedt, Leon and Clark, Mike and Davidson, James Duncan and Gehtland, Justin and Schwarz, Andreas},
  title = {Agile Web Development with Rails},
  year = {2006},
  isbn = {0977616630},
  publisher = {Pragmatic Bookshelf},
}

@article{oo_business_models, 
  title={Open source business models: ready for prime time}, 
  author={Goth, G.}, 
  journal={Software, IEEE}, 
  year={2005}, 
  month={Nov.-Dec.}, 
  volume={22}, 
  number={6}, 
  pages={ 98-100}, 
  keywords={ DP industry, business data processing, public domain software business model, enterprise model, open source software}, 
  doi={10.1109/MS.2005.157}, 
  ISSN={0740-7459},
}

@inproceedings{spaghetti_code,
  author = {Mikkonen, Tommi and Taivalsaari, Antero},
  title = {Web Applications - Spaghetti Code for the 21st Century},
  booktitle = {SERA '08: Proceedings of the 2008 Sixth International Conference on Software Engineering Research, Management and Applications},
  year = {2008},
  isbn = {978-0-7695-3302-5},
  pages = {319--328},
  doi = {http://dx.doi.org/10.1109/SERA.2008.16},
  publisher = {IEEE Computer Society},
  address = {Washington, DC, USA},
}

@inproceedings{maintainability_web_applications_j2ee_dotnet_ror, 
  title={A comparative study of maintainability of web applications on J2EE, .NET and Ruby on Rails}, 
  author={Stella, L.F.F. and Jarzabek, S. and Wadhwa, B.}, 
  booktitle={Web Site Evolution, 2008. WSE 2008. 10th International Symposium on}, 
  year={2008}, 
  month={Oct.}, 
  volume={}, 
  number={}, 
  pages={93-99}, 
  keywords={Java, Web services, network operating systems, software maintenance.NET, J2EE, Ruby on Rails, Web application maintainability, Web services, distributed computing architecture}, 
  doi={10.1109/WSE.2008.4655401}, 
  ISSN={1550-4441},
}

@misc{oreilly_ror,
  title={Quotes about Ruby on Rails},
  author={Tim O'Reilly},
  howpublished={\url{http://rubyonrails.org/quotes}},
  note={Accessed 15th June 2010}
}

@misc{rubyonrails_applications,
  title={Ruby on Rails: Applications},
  author={David Heinemeier Hansson},
  howpublished={\url{http://rubyonrails.org/applications}},
  note={Accessed 15th June 2010}
}

@misc{basecamp_turns_1000000,
  title={Basecamp turns 1,000,000 - (37signals)},
  author={37signals},
  howpublished={\url{http://37signals.com/svn/posts/106-basecamp-turns-1000000}},
  note={Accessed 15th June 2010}
}

@misc{alexa,
  title={Alexa the Web Information Company},
  author={Alexa Internet, Inc.},
  howpublished={\url{http://www.alexa.com/}},
  note={Accessed 15th June 2010}
}

@misc{emarketer_twitter_usage,
  title={US Twitter Usage Surpasses Earlier Estimates - eMarketer},
  author={eMarketer, Inc.},
  howpublished={\url{http://www.emarketer.com/Article.aspx?R=1007271}},
  note={Accessed 15th June 2010}
}

@misc{hulu_growth,
  title={Hulu Continues Ascent in U.S. Online Video Market, Breaking Into Top 3 Properties by Videos Viewed for First Time in March},
  author={comScore, Inc.},
  howpublished={\url{http://www.comscore.com/Press_Events/Press_Releases/2009/4/Hulu_Breaks_Into_Top_3_Video_Properties}},
  day=28,
  month={April},
  year=2009,
  note={Accessed 15th June 2010}
}

@misc{interview_alex_payne,
  title={5 Question Interview with Twitter Developer Alex Payne | Radical Behavior},
  author={Josh Kenzer},
  howpublished={\url{http://www.radicalbehavior.com/5-question-interview-with-twitter-developer-alex-payne/}},
  day=29,
  month={March},
  year=2007,
  note={Accessed 15th June 2010}
}

@techreport{ror_ecosystem_whitepaper,
  author = {InfoEther, Inc.},
  title = {Ruby and Rails Ecosystem White Paper},
  year = {2009},
  publisher = {InfoEther, Inc.},
  address = {Herndon, Virginia, USA},
}

@misc{npd:3g,
  title={The {NPD Group}: Despite recession, {U.S.} smartphone market is growing},
  author={The {NPD Group}},
  howpublished={\url{http://www.npd.com/press/releases/press_090303.html}},
  day=3,
  month={March},
  year=2009,
  note={Accessed 15th June 2010}
}

@misc{mobileweb,
  title={58\% of Americans have a mobile phone with Web connectivity},
  author={{IT Facts}},
  howpublished={\url{http://www.itfacts.biz/58-of-americans-have-a-mobile-phone-with-web-connectivity/12965}},
  day=1,
  month={May},
  year=2009,
  note={Accessed 15th June 2010},
}

@misc{netbooks,
  title={Some {PC} makers don't know what to do with netbooks},
  author={{USA Today}},
  howpublished={\url{http://www.usatoday.com/tech/products/2009-01-19-netbooks-future_N.htm?csp=34}},
  day=19,
  month={January},
  year=2009,
  note={Accessed 15th June 2010},
}

@misc{issues_web_frameworks,
  title={Issues in Web Frameworks},
  author={Tim Bray, Sun Microsystems},
  day=8,
  month={November},
  year=2006,
  note={Keynote Presentation},
}

@inproceedings{trends_webdev,
  author = {Jazayeri, Mehdi},
  title = {Some Trends in Web Application Development},
  booktitle = {FOSE '07: 2007 Future of Software Engineering},
  year = {2007},
  isbn = {0-7695-2829-5},
  pages = {199--213},
  doi = {http://dx.doi.org/10.1109/FOSE.2007.26},
  publisher = {IEEE Computer Society},
  address = {Washington, DC, USA},
}

@misc{look_common_performance_problems_rails,
  title={InfoQ: A Look at Common Performance Problems in Rails},
  author={Stefan Kaes},
  howpublished={\url{http://www.infoq.com/articles/Rails-Performance}},
  day=13,
  month={June},
  year=2006,
  note={Accessed 15th June 2010}
}

@inproceedings{mass_memory_system_optimization,
  author = {Dobbie, J. and Zatyko, D.},
  note = {Chairman-Arden, B. W.},
  title = {System optimization: A mass memory system designed for the multi-program/multi-processors users},
  booktitle = {Proceedings of the 1965 20th national conference},
  year = {1965},
  pages = {487--500},
  location = {Cleveland, Ohio, United States},
  doi = {http://doi.acm.org/10.1145/800197.806070},
  publisher = {ACM},
  address = {New York, NY, USA},
}

@inproceedings{yarv,
  author = {Sasada, Koichi},
  title = {YARV: yet another RubyVM: innovating the ruby interpreter},
  booktitle = {OOPSLA '05: Companion to the 20th annual ACM SIGPLAN conference on Object-oriented programming, systems, languages, and applications},
  year = {2005},
  isbn = {1-59593-193-7},
  pages = {158--159},
  location = {San Diego, CA, USA},
  doi = {http://doi.acm.org/10.1145/1094855.1094912},
  publisher = {ACM},
  address = {New York, NY, USA},
}

@misc{rails_merb_merge_performance,
  title={Rails and Merb Merge: Performance (Part 2 of 6) | Engine Yard Blog},
  author={Yehuda Katz},
  howpublished={\url{http://www.engineyard.com/blog/2009/rails-and-merb-merge-performance-part-2-of-6/}},
  day=29,
  month={December},
  year=2009,
  note={Accessed 15th June 2010},
}

@misc{scaling_rails_bottomup,
  title={Scaling a Rails Application from the Bottom Up},
  author={Jason Hoffman},
  howpublished={Rails Conf Europe 2007},
  day=17,
  month={September},
  year=2006,
  note={Keynote Presentation},
}

@misc{vaporware_to_awesome,
  title={Rails 3: Vaporware to Awesome},
  author={Yehuda Katz},
  howpublished={Vaporware 2009},
  day=4,
  month={December},
  year=2009,
  note={Keynote Presentation},
}

@misc{rebuilding_scaling_yellowpages,
  title={The Rebuilding and Scaling of YellowPages.com},
  author={Michael Slater},
  howpublished={Rails Conf 2008},
  day=1,
  month={June},
  year=2008,
  note={Accessed 15th June 2010}
}

@misc{5tips_scale_ror,
  title={5 Tips to Scale your Ruby on Rails application},
  author={Engine Yard, Inc.},
  howpublished={\url{http://www.engineyard.com/blog/2009/5-tips-to-scale-your-ror-application/}},
  day=20,
  month={May},
  year=2009,
  note={Accessed 15th June 2010}
}

@article{performance_analysis_db_arch,
  author = {Hagmann, Robert Brian and Ferrari, Domenico},
  title = {Performance analysis of several back-end database architectures},
  journal = {ACM Trans. Database Syst.},
  volume = {11},
  number = {1},
  year = {1986},
  issn = {0362-5915},
  pages = {1--26},
  doi = {http://doi.acm.org/10.1145/5236.5242},
  publisher = {ACM},
  address = {New York, NY, USA},
}

@article{webserver_scheduling,
  author = {Schroeder, Bianca and Harchol-Balter, Mor},
  title = {Web servers under overload: How scheduling can help},
  journal = {ACM Trans. Internet Technol.},
  volume = {6},
  number = {1},
  year = {2006},
  issn = {1533-5399},
  pages = {20--52},
  doi = {http://doi.acm.org/10.1145/1125274.1125276},
  publisher = {ACM},
  address = {New York, NY, USA},
}

@inproceedings{unix_os_comparison,
  author = {Lai, Kevin and Baker, Mary},
  title = {A performance comparison of UNIX operating systems on the Pentium},
  booktitle = {ATEC '96: Proceedings of the 1996 annual conference on USENIX Annual Technical Conference},
  year = {1996},
  pages = {22--22},
  location = {San Diego, CA},
  publisher = {USENIX Association},
  address = {Berkeley, CA, USA},
}

@inproceedings{architecture_impact_os,
  author = {Rosenblum, M. and Bugnion, E. and Herrod, S. A. and Witchel, E. and Gupta, A.},
  title = {The impact of architectural trends on operating system performance},
  booktitle = {SOSP '95: Proceedings of the fifteenth ACM symposium on Operating systems principles},
  year = {1995},
  isbn = {0-89791-715-4},
  pages = {285--298},
  location = {Copper Mountain, Colorado, United States},
  doi = {http://doi.acm.org/10.1145/224056.224078},
  publisher = {ACM},
  address = {New York, NY, USA},
}

@Article{butterfly_effect_quote,
  title = {Quantum Chaotic Environments, the Butterfly Effect, and Decoherence},
  author = {Karkuszewski, Zbyszek P. and Jarzynski, Christopher  and Zurek, Wojciech H.},
  journal = {Phys. Rev. Lett.},
  volume = {89},
  number = {17},
  pages = {170405},
  numpages = {4},
  year = {2002},
  month = {Oct},
  doi = {10.1103/PhysRevLett.89.170405},
  publisher = {American Physical Society}
}

@misc{rubyenterpriseedition,
  title={Welcome - Ruby Enterprise Edition},
  author={Phusion},
  howpublished={\url{http://www.rubyenterpriseedition.com/}},
  note={Accessed 15th June 2010}
}

@misc{passenger_whatis,
  title={Frequently Asked Questions - Ruby Enterprise Edition},
  author={Phusion},
  howpublished={\url{http://www.rubyenterpriseedition.com/faq.html#what_is_this}},
  note={Accessed 15th June 2010}
}
http://www.rubyenterpriseedition.com/

@misc{w3counter,
  title={W3Counter - Global Web Stats},
  author={Awio Web Services, LLC.},
  howpublished={\url{http://www.w3counter.com/globalstats.php}},
  note={Accessed 15th June 2010}
}

@misc{netcraft_dec2009,
  title={Most Reliable Hosting Company Sites in March 2010 - Netcraft},
  author={Netcraft, LTD.},
  howpublished={\url{http://news.netcraft.com/archives/2010/04/01/most_reliable_hosting_company_sites_in_march_2010.html}},
  note={Accessed 15th June 2010}
}

@article{linux_kernel_evolution,
  author = {Koren, Oded},
  title = {A study of the Linux kernel evolution},
  journal = {SIGOPS Oper. Syst. Rev.},
  volume = {40},
  number = {2},
  year = {2006},
  issn = {0163-5980},
  pages = {110--112},
  doi = {http://doi.acm.org/10.1145/1131322.1131325},
  publisher = {ACM},
  address = {New York, NY, USA},
}

@book{pro_git,
  author = {Chacon, Scott},
  title = {Pro Git},
  year = {2009},
  isbn = {1430218339, 9781430218333},
  publisher = {Apress},
  address = {Berkely, CA, USA},
}

@misc{interview_linus,
  title={The Choice of a GNU Generation - An Interview With Linus Torvalds},
  author={Mike Linksvayer},
  howpublished={\url{http://gondwanaland.com/meta/history/interview.html}},
  year=1993,
  note={Accessed 15th June 2010}
}

@misc{greatest_software_ever_written,
  title={What's The Greatest Software Ever Written?},
  author={Charles Babcock},
  howpublished={\url{http://www.informationweek.com/shared/printableArticle.jhtml;jsessionid=VTSZGLDLQNJ55QE1GHOSKH4ATMY32JVN?articleID=191901844}},
  day=14,
  month={August},
  year=2006,
  note={Accessed 15th June 2010}
}

@misc{centos,
  title={www.centos.org - The Community ENTerprise Operating System},
  author={CentOS Project},
  howpublished={\url{http://centos.org/}},
  note={Accessed 15th June 2010}
}

@misc{debian,
  title={Debian -- The Universal Operating System},
  author={Software in the Public Interest, Inc.},
  howpublished={\url{http://www.debian.org/}},
  note={Accessed 15th June 2010}
}

@misc{gentoo,
  title={Gentoo Linux -- Gentoo Linux News},
  author={Gentoo Foundation, Inc.},
  howpublished={\url{http://www.gentoo.org/}},
  note={Accessed 15th June 2010}
}

@misc{ubuntu_server,
  title={Ubuntu Server Edition | Ubuntu},
  author={Canonical, Ltd.},
  howpublished={\url{http://www.ubuntu.com/products/whatIsubuntu/serveredition}},
  note={Accessed 15th June 2010}
}

@book{tuning_costumizing_linux,
  author = {Morrill, Daniel L.},
  title = {Tuning and Customizing a Linux System},
  year = {2002},
  isbn = {1893115275},
  publisher = {APress L. P.},
}

@misc{freebsd, 
  title={The FreeBSD Project},
  author={The FreeBSD Project},
  howpublished={\url{http://www.freebsd.org/}},
  note={Accessed 15th June 2010}
}

@misc{openbsd, 
  title={OpenBSD},
  author={OpenBSD},
  howpublished={\url{http://www.openbsd.org/}},
  note={Accessed 15th June 2010}
}

@misc{leopard_os_foundations,
  title={Leopard Technology Series for Developers: OS Foundations},
  author={Apple, Inc.},
  howpublished={\url{http://developer.apple.com/leopard/overview/osfoundations.html}},
  note={Accessed 15th June 2010}
}

@misc{bsd_code_windows,
  title={BSD Code in Windows},
  author={everything2.com},
  day=20,
  month={March},
  year=2001,
  howpublished={\url{http://www.everything2.com/index.pl?node=BSD%20Code%20in%20Windows}},
  note={Accessed 15th June 2010}
}

@misc{ruby191_release,
  title={Ruby 1.9.1 is released},
  author={Yuki Sonoda},
  day=30,
  month={Jan},
  year=2009,
  howpublished={\url{http://groups.google.com/group/ruby-talk-google/browse_thread/thread/35e963933f9d0b1a}},
  note={Accessed 15th June 2010}
}

@misc{interview_creator_ruby,
  title={An Interview with the Creator of Ruby},
  author={Bruce Stewart},
  day=29,
  month={November},
  year=2001,
  howpublished={\url{http://linuxdevcenter.com/pub/a/linux/2001/11/29/ruby.html}},
  note={Accessed 15th June 2010}
}

@misc{mri_jruby_comparison,
  title={Differences Between MRI And JRuby},
  howpublished={\url{http://kenai.com/projects/jruby/pages/DifferencesBetweenMriAndJruby}},
  note={Accessed 15th June 2010}
}

@misc{jruby_performance_glassfish,
  title={JRuby Performance on Glassfish V3 -- Part 1},
  author={Eileen Loh},
  day=10,
  month={December},
  year=2009,
  howpublished={\url{http://weblogs.java.net/blog/eileeny/archive/2009/12/10/jruby-performance-glassfish-v3-part-1}},
  note={Accessed 15th June 2010}
}

@misc{rubinius,
  title={Rubinius: Use Ruby},
  author={Engine Yard, Inc.},
  howpublished={\url{http://rubini.us/}},
  note={Accessed 15th June 2010}
}

@misc{sun_jruby,
  title={Sun Welcomes JRuby Developers},
  author={Sun Microsystems},
  day=07,
  month={September},
  year=2006,
  howpublished={\url{http://blogs.sun.com/ontherecord/entry/sun_welcomes_jruby_developers}},
  note={Accessed 15th June 2010}
}

@misc{thoughtworks_jruby,
  title={ThoughtWorks},
  author={Ola Bini},
  day=16,
  month={March},
  year=2007,
  howpublished={\url{http://blogs.sun.com/ontherecord/entry/sun_welcomes_jruby_developers}},
  note={Accessed 15th June 2010}
}

@misc{engineyard_jruby,
  title={Sun's JRuby team jumps ship to Engine Yard},
  author={James Niccolai},
  day=27,
  month={July},
  year=2009,
  howpublished={\url{http://www.computerworld.com/s/article/9135958/Sun_s_JRuby_team_jumps_ship_to_Engine_Yard}},
  note={Accessed 15th June 2010}
}


@misc{rubinius_virtual_machine,
  title={Shotgun the Rubinius Virtual Machine},
  author={Antonio Cangiano},
  day=18,
  month={March},
  year=2008,
  howpublished={\url{http://betterruby.wordpress.com/2008/03/18/shotgun-the-rubinius-virtual-machine/}},
  note={Accessed 15th June 2010}
}


@misc{rubinius_virtual_machine_rewrite,
  title={Shotgun Rewrite Underway},
  author={Antonio Cangiano},
  day=11,
  month={April},
  year=2008,
  howpublished={\url{http://betterruby.wordpress.com/2008/04/11/shotgun-rewrite-underway/}},
  note={Accessed 15th June 2010}
}

@book{ruby_book,
  author = {David Flanagan and Yukihiro Matsumoto},
  isbn = {0596516177},
  keywords = {computerscience, programing},
  publisher = {{O'Reilly Media, Inc.}},
  title = {The Ruby Programming Language},
  year = {2008}
}

@misc{ruby_about,
  title={{About Ruby}},
  key={Ruby},
  howpublished={\url{http://www.ruby-lang.org/en/about/}},
  note={Acccessed 28th January 2010}
}

@misc{changes_ruby19,
  title={{Changes in Ruby 1.9}},
  howpublished={\url{http://eigenclass.org/hiki.rb?Changes+in+Ruby+1.9}},
  note={Acccessed 28th January 2010}
}

@misc{memory_leak_fix_18X,
  title={{New Patches for 1.8.x Fix Memory Leaks And Improve Performance}},
  howpublished={\url{http://www.infoq.com/news/2009/01/ruby-patches-fix-leaks}},
  note={Acccessed 28th January 2010},
}

@misc{rubyvm_interview,
  title={{The Ruby VM: Episode III}},
  author={The Ruby VM interview},
  howpublished={\url{http://blog.grayproductions.net/articles/the_ruby_vm_episode_iii}},
  note={Acccessed 28th January 2010},
}

@inproceedings{ruby_intermediate_language,
  author = {Furr, Michael and An, Jong-hoon (David) and Foster, Jeffrey S. and Hicks, Michael},
  title = {The ruby intermediate language},
  booktitle = {DLS '09: Proceedings of the 5th symposium on Dynamic languages},
  year = {2009},
  isbn = {978-1-60558-769-1},
  pages = {89--98},
  location = {Orlando, Florida, USA},
  doi = {http://doi.acm.org/10.1145/1640134.1640148},
  publisher = {ACM},
  address = {New York, NY, USA},
}

@misc{rubys_challenge_2009,
  title={Shotgun Rewrite Underway},
  author={Antonio Cangiano},
  day=23,
  month={March},
  year=2009,
  howpublished={\url{http://antoniocangiano.com/2009/03/23/rubys-biggest-challenge-for-2009/}},
  note={Accessed 15th June 2010}
}

@misc{mongrel_faq,
  title={Mongrel FAQ},
  author={Zed A. Shaw},
  howpublished={\url{http://mongrel.rubyforge.org/wiki/FAQ}},
  note={Accessed 15th June 2010}
}

@article{ruby_webservers,
  author = {Muhammed Ali},
  title = {Ruby 1.9.x Web Servers Booklet: A survey of architectural choices and analisys of relative performance},
  year = 2009,
  month = {Octorber},
  day = 07
}

@article{webrick_guide,
  author = {Yohanes Santoso},
  title = {Gnome's Guide to WEBrick},
  year = 2004,
  month = {October},
  day = 19
}

@book{mongrel_server_production,
  author = {Smith, Elliot and Nichols, Rob},
  title = {Ruby on Rails Enterprise Application Development: Plan, Program, Extend Building a complete Ruby on Rails business application from start to finish},
  year = {2007},
  isbn = {1847190855, 9781847190857},
  publisher = {Packt Publishing},
}

@misc{thin,
  title={Thin - yet another web server},
  author={Marc-André Cournoyer},
  howpublished={\url{http://code.macournoyer.com/thin/}},
  note={Accessed 15th June 2010}
}

@misc{why_mysql,
  title={Why MySQL?},
  author={Oracle Corporation},
  howpublished={\url{http://www.mysql.com/why-mysql/}},
  note={Accessed 15th June 2010}
}

@misc{interview_dhh,
  title={Interview with David Heinemeier Hansson from Ruby on Rails},
  author={Lenz Grimmer},
  howpublished={\url{http://dev.mysql.com/tech-resources/interviews/david-heinemeier-hansson-rails.html}},
  year = 2006,
  month = {Feburary},
  note={Accessed 15th June 2010}
}

@book{high_performance_mysql,
  author = {Schwartz, Baron and Zaitsev, Peter and Tkachenko, Vadim and Zawodny, Jeremy and Lentz, Arjen and Balling, Derek J.},
  title = {High performance mysql, 2nd edition},
  year = {2008},
  isbn = {9780596101718},
  publisher = {O'Reilly},
}

@book{beginning_postgresql,
  author = {Matthew, Neil and Stones, Richard},
  title = {Beginning Databases With Postgresql: From Novice To Professional (Beginning from Novice to Professional)},
  year = {2005},
  isbn = {1590594789},
  publisher = {Apress},
  address = {Berkely, CA, USA},
}

@misc{petabyte_warehouses,
  title={Building PetaByte Warehouses with Unmodified PostgreSQL},
  author={Emmanuel Cecchet},
  year=2009,
  month={May},
  day=21,
  note={Keynote Presentation}
}

@misc{mongodb,
  title={Home - MongoDB},
  author={10gen},
  howpublished={\url{http://www.mongodb.org/display/DOCS/Home}},
  note={Accessed 15th June 2010}
}

@misc{mongodb_couchdb,
  title={Comparing MongoDB and CouchDB},
  author={10gen},
  howpublished={\url{http://www.mongodb.org/display/DOCS/Home}},
  note={Accessed 15th June 2010}
}

@misc{mongomapper,
  title={Getting Started with MongoDB and Ruby},
  author={Ric Roberts},
  howpublished={\url{http://www.rubyinside.com/getting-started-mongodb-ruby-1875.html}},
  year=2009,
  month={June},
  day=30,
  note={Accessed 15th June 2010}
}

@misc{mongodb_rails,
  title={Why I think Mongo is to Databases what Rails was to Frameworks},
  author={John Nunemaker },
  howpublished={\url{http://goo.gl/to3U}},
  year=2009,
  month={December},
  day=18,
  note={Accessed 15th June 2010}
}

@book{railssolutions,
  author = {Williams, Justin},
  title = {Rails Solutions: Ruby on Rails Made Easy (Solutions)},
  year = {2007},
  isbn = {1590597524},
  publisher = {friends of ED},
}

@misc{apache_features,
  title={Apache Core Features},
  author={{Apache Software Foundation}},
  howpublished={\url{http://httpd.apache.org/docs/2.2/mod/core.html}},
  note={Accessed 15th June 2010}
}

@misc{nginx_features,
  title={nginx},
  author={{Igor Sysoev}},
  howpublished={\url{http://nginx.org/en/}},
  note={Accessed 15th June 2010}
}

@article{ruby_on_rails_principles,
  author = {B\"{a}chle, Michael and Kirchberg, Paul},
  title = {Ruby on Rails},
  journal = {IEEE Softw.},
  volume = {24},
  number = {6},
  year = {2007},
  issn = {0740-7459},
  pages = {105--108},
  doi = {http://dx.doi.org/10.1109/MS.2007.176},
  publisher = {IEEE Computer Society Press},
  address = {Los Alamitos, CA, USA},
}

@inproceedings{rails_magazine_1,
  author={John Yerhot},
  title = {Extending Rails Through Plugins},
  publisher = {Rails Magazine},
  volume = {1},
  issue_date = {2009},
  issn = {1916-8004},
  pages = {3},
}

@inproceedings{rails_magazine_6,
  author={Gonçalo Silva},
  title = {Scaling Rails},
  publisher = {Rails Magazine},
  volume = {2},
  number = {1},
  issue_date = {2010},
  issn = {1916-8004},
  pages = {9--10},
}

@misc{rails23_release_notes,
  title={Ruby on Rails 2.3 Release Notes},
  author={{Rails Core Team}},
  howpublished={\url{http://guides.rubyonrails.org/2_3_release_notes.html}},
  note={Accessed 15th June 2010}
}

@misc{rails3_great_decoupling,
  title={Rails 3: The Great Decoupling},
  author={{Yehuda Katz}},
  howpublished={\url{http://yehudakatz.com/2009/07/19/rails-3-the-great-decoupling/}},
  year=2009,
  month={July},
  day=19,
  note={Accessed 15th June 2010}
}

@inproceedings{os_performance_server,
  author = {Yoo, Hyuck and Ko, Keng-Tai},
  title = {Operating system performance and large servers},
  booktitle = {EW 6: Proceedings of the 6th workshop on ACM SIGOPS European workshop},
  year = {1994},
  isbn = {1-23456-789-0},
  pages = {166--171},
  location = {Wadern, Germany},
  doi = {http://doi.acm.org/10.1145/504390.504436},
  publisher = {ACM},
  address = {New York, NY, USA},
}

@misc{linux_virtualbox_windows_rails,
  title={Rails 3: Vaporware to Awesome},
  author={James Crisp},
  howpublished={\url{http://jamescrisp.org/2009/02/21/linux-virtualbox-vs-windows-for-rails-dev/}},
  day=21,
  month={February},
  year=2009,
  note={Accessed 15th June 2010}
}

@misc{marcus_koze_passenger,
  title={Quote on Passenger for Windows},
  author={Marcus Koze},
  howpublished={\url{http://izumi.plan99.net/blog/index.php/2008/04/11/phusion-passenger-mod_rails-public-release-heck-it's-about-time/#comment-8478}},
  day=14,
  month={April},
  year=2008,
  note={Accessed 15th June 2010}
}

@misc{apache_tomcat_performance_linux_windows,
  title={Comparing Apache Tomcat Performance Across Platforms},
  author={Frank C. Ziglar},
  howpublished={\url{http://www.webperformanceinc.com/library/reports/windows_vs_linux_part2/}},
  day=12,
  month={March},
  year=2006,
  note={Accessed 15th June 2010}
}

@misc{php_apache_linux_windows,
  title={Comparing PHP Script Performance on Linux and Windows},
  author={Paessler AG},
  howpublished={\url{http://www.paessler.com/webstress/sample_performance_tests/comparing_php_script_performance_on_linux_and_windows}},
  note={Accessed 15th June 2010}
}

@book{rails_windows,
  author = {Hibbs, Curt and Hogan, Brian},
  title = {Rails on windows},
  year = {2007},
  isbn = {9780596529659},
  publisher = {O'Reilly},
}

@misc{mysql_windows_linux,
  title={MySQL 5.5 Reference Manual :: 2.3.15 MySQL on Windows Compared to MySQL on Unix},
  author={{Oracle Corporation}},
  howpublished={\url{http://dev.mysql.com/doc/refman/5.5/en/windows-vs-unix.html}},
  note={Accessed 15th June 2010}
}

@misc{ruby_faster_linux,
  title={How much faster is Ruby on Linux?},
  author={Antonio Cangiano},
  howpublished={\url{http://antoniocangiano.com/2009/08/10/how-much-faster-is-ruby-on-linux/}},
  day=30,
  month={August},
  year=2009,
  note={Accessed 15th June 2010}
}

@misc{ironruby_performance,
  title={Comparing the performance of IronRuby, Ruby 1.8 and Ruby 1.9 on Windows},
  author={Antonio Cangiano},
  howpublished={\url{http://antoniocangiano.com/2009/08/03/performance-of-ironruby-ruby-on-windows/}},
  day=30,
  month={August},
  year=2009,
  note={Accessed 15th June 2010}
}

@inproceedings{ruby.net,
  author = {Kelly, Wayne and Gough, John},
  title = {Ruby.NET: a Ruby compiler for the common language infrastructure},
  booktitle = {ACSC '08: Proceedings of the thirty-first Australasian conference on Computer science},
  year = {2008},
  isbn = {978-1-920682-55-2},
  pages = {37--46},
  location = {Wollongong, Australia},
  publisher = {Australian Computer Society, Inc.},
  address = {Darlinghurst, Australia, Australia},
}

@misc{6tips_for_mri,
  title={6 Optimization Tips for Ruby MRI},
  author={Ilya Grigorik},
  howpublished={\url{http://www.igvita.com/2008/07/08/6-optimization-tips-for-ruby-mri/}},
  month={July},
  year=2008,
  note={Accessed 15th June 2010}
}

@misc{ruby19_performance,
  title={The future of Rails is Ruby 1.9 - real performance of 1.8, JRuby and 1.9 compared},
  author={Alexander Dymo},
  howpublished={\url{http://blog.pluron.com/2009/05/ruby-19-performance.html}},
  day=1,
  month={May},
  year=2009,
  note={Accessed 15th June 2010}
}

@misc{ree_benchmarks,
  title={ree},
  author={Evan Weaver},
  howpublished={\url{http://blog.evanweaver.com/articles/2009/09/24/ree/}},
  day=24,
  month={September},
  year=2009,
  note={Accessed 15th June 2010}
}

@misc{ree_benchmarks2,
  title={Litespeed + Ruby Enterprise Edition},
  author={Litespeed},
  howpublished={\url{http://blog.litespeedtech.com/2009/12/09/litespeed-ruby-enterprise-edition/}},
  day=9,
  month={December},
  year=2009,
  note={Accessed 15th June 2010}
}

@misc{rvm_rubinius_benchmarks,
  title={rvm + Rubinius Tiered Benchmarks},
  author={Ruby Version Manager},
  howpublished={\url{http://rvm.beginrescueend.com/benchmarks/2010-01-06/}},
  note={Accessed 15th June 2010}
}

@misc{ruby_interpreter_benchmarks,
  title={Ruby Oneliner: Benchmarking a string concordance},
  author={Ryan Neufeld},
  howpublished={\url{http://hammerofcode.com/category/general/}},
  day=6,
  month={November},
  year=2008,
  note={Accessed 15th June 2010}
}

@misc{ruby_gc_tuning,
  title={ruby gc tuning},
  author={Evan Weaver},
  howpublished={\url{http://blog.evanweaver.com/articles/2009/04/09/ruby-gc-tuning/}},
  day=9,
  month={April},
  year=2009,
  note={Accessed 15th June 2010}
}

@inproceedings{zero-copy_data_transfer,
  author = {Suzumura, Toyotaro and Tatsubori, Michiaki and Trent, Scott and Tozawa, Akihiko and Onodera, Tamiya},
  title = {Highly scalable web applications with zero-copy data transfer},
  booktitle = {WWW '09: Proceedings of the 18th international conference on World wide web},
  year = {2009},
  isbn = {978-1-60558-487-4},
  pages = {921--930},
  location = {Madrid, Spain},
  doi = {http://doi.acm.org/10.1145/1526709.1526833},
  publisher = {ACM},
  address = {New York, NY, USA},
}

@article{responsiveness,
  author = {Ravi, Jayashree and Yu, Zhifeng and Shi, Weisong},
  title = {A survey on dynamic Web content generation and delivery techniques},
  journal = {J. Netw. Comput. Appl.},
  volume = {32},
  number = {5},
  year = {2009},
  issn = {1084-8045},
  pages = {943--960},
  doi = {http://dx.doi.org/10.1016/j.jnca.2009.03.005},
  publisher = {Academic Press Ltd.},
  address = {London, UK, UK},
}

@inproceedings{benchmark_relational_databases,
  author = {Stancu-Mara, Sorin and Baumann, Peter},
  title = {A comparative benchmark of large objects in relational databases},
  booktitle = {IDEAS '08: Proceedings of the 2008 international symposium on Database engineering \&\#38; applications},
  year = {2008},
  isbn = {978-1-60558-188-0},
  pages = {277--284},
  location = {Coimbra, Portugal},
  doi = {http://doi.acm.org/10.1145/1451940.1451980},
  publisher = {ACM},
  address = {New York, NY, USA},
}

@article{memory_wall,
  author = {Boncz, Peter A. and Kersten, Martin L. and Manegold, Stefan},
  title = {Breaking the memory wall in MonetDB},
  journal = {Commun. ACM},
  volume = {51},
  number = {12},
  year = {2008},
  issn = {0001-0782},
  pages = {77--85},
  doi = {http://doi.acm.org/10.1145/1409360.1409380},
  publisher = {ACM},
  address = {New York, NY, USA},
}

@misc{mysql_to_mongodb,
  title={Choosing a non relational database: why we migrated from mysql to mongodb},
  author={Boxed Ice},
  howpublished={\url{http://goo.gl/O9aA}},
  day=25,
  month={July},
  year=2009,
  note={Accessed 15th June 2010}
}

@misc{accunote_rails,
  title={Garbage Collection is Why Ruby on Rails is Slow: Patches to Improve Performance 5x; Memory Profiling},
  author={Boxed Ice},
  howpublished={\url{http://blog.pluron.com/2008/01/ruby-on-rails-i.html}},
  day=31,
  month={January},
  year=2008,
  note={Accessed 15th June 2010}
}

@inproceedings{rapid_prototyping_mdd,
  author = {Nunes, Demetrius A. and Schwabe, Daniel},
  title = {Rapid prototyping of web applications combining domain specific languages and model driven design},
  booktitle = {ICWE '06: Proceedings of the 6th international conference on Web engineering},
  year = {2006},
  isbn = {1-59593-352-2},
  pages = {153--160},
  location = {Palo Alto, California, USA},
  doi = {http://doi.acm.org/10.1145/1145581.1145616},
  publisher = {ACM},
  address = {New York, NY, USA},
}

@inproceedings{high_performance_database_caching,
  author = {Li, Wen-Syan and Candan, K. Sel\c{c}uk and Hsiung, Wang-Pin and Po, Oliver and Agrawal, Divyakant},
  title = {Engineering High Performance Database-Driven E-commerce Web Sites through Dynamic Content Caching},
  booktitle = {EC-Web 2001: Proceedings of the Second International Conference on Electronic Commerce and Web Technologies},
  year = {2001},
  isbn = {3-540-42517-9},
  pages = {250--259},
  publisher = {Springer-Verlag},
  address = {London, UK},
}

@inproceedings{distributed_rails,
  author = {Merelo, J. J. and Garc\'{\i}a, Antonio Mora and Laredo, Juan Luis Jim\'{e}nez and Lupi\'{o}n, Juan and Tricas, Fernando},
  title = {Browser-based distributed evolutionary computation: performance and scaling behavior},
  booktitle = {GECCO '07: Proceedings of the 2007 GECCO conference companion on Genetic and evolutionary computation},
  year = {2007},
  isbn = {978-1-59593-698-1},
  pages = {2851--2858},
  location = {London, United Kingdom},
  doi = {http://doi.acm.org/10.1145/1274000.1274083},
  publisher = {ACM},
  address = {New York, NY, USA},
}

@misc{ruby19_python,
  title={Holy Shmoly, Ruby 1.9 smokes Python away!},
  author={Antonio Cangiano},
  howpublished={\url{http://antoniocangiano.com/2007/11/28/holy-shmoly-ruby-19-smokes-python-away/}},
  day=21,
  month={November},
  year=2009,
  note={Accessed 15th June 2010}
}

@misc{rails_core_team,
  title={Ruby on Rails: Core},
  author={Zed A. Shaw},
  howpublished={\url{http://unicorn.bogomips.org/}},
  note={Accessed 15th June 2010}
}

@misc{unicorn,
  title={Unicorn: Rack HTTP Server},
  author={37 signals},
  howpublished={\url{http://rubyonrails.org/core}},
  note={Accessed 15th June 2010}
}

@misc{brianmario_mysql2,
  title={README: mysql2},
  author={Brian Lopez},
  howpublished={\url{http://github.com/brianmario/mysql2/blob/master/README.rdoc}},
  note={Accessed 15th June 2010}
}

@misc{macruby_06,
  title={MacRuby 0.6},
  author={Laurent Sansonetti},
  howpublished={\url{http://www.macruby.org/blog/2010/04/30/macruby06.html}},
  day=30,
  month={April},
  year=2010,
  note={Accessed 15th June 2010}
}

@misc{macruby_06,
  title={mysql2},
  author={Brian Lopez},
  howpublished={\url{http://github.com/brianmario/mysql2}},
  day=8,
  month={June},
  year=2010,
  note={Accessed 15th June 2010}
}

@misc{twitter_unicorn,
  title={Unicorn Power},
  author={Ben Sandofsky, John Adams},
  howpublished={\url{http://engineering.twitter.com/2010/03/unicorn-power.html}},
  day=30,
  month={March},
  year=2010,
  note={Accessed 15th June 2010}
}

@book{programming_ruby_19,
  author = {Thomas, Dave and Fowler, Chad and Hunt, Andy},
  title = {Programming Ruby 1.9: The Pragmatic Programmers' Guide},
  year = {2009},
  isbn = {1934356085, 9781934356081},
  publisher = {Pragmatic Bookshelf},
}

@misc{redmine_installations,
  title={They Are Using Redmine},
  author={Jean-Philippe Lang},
  howpublished={\url{http://www.redmine.org/wiki/redmine/TheyAreUsingRedmine}},
  note={Accessed 15th June 2010}  
}
