%bibtex entries 

%@TECHREPORT{kn:Mat93,
% AUTHOR={Manuel A. Matos},
% TITLE={Normas para Apresentação de Dissertações, Bases Essenciais},
% INSTITUTION={Faculdade de Engenharia da Universidade do Porto},
% YEAR={1993},
% MONTH={Maio}
%}

